@online{Geruchsstoerungen,
author = {Alexandra Maul},
title = {Riechstörung nach Corona: Wann kehrt der Geruchssinn zurück?},
year = {28. Juni 2021 (Abgerufen: 7. Juli 2022, 10:26)}, 
url = {https://www.gesundheit.de/news/geruchssinn-corona}}

@misc{E-Nase:1,
author = {Dirk Lange and Christoph Hagleitner and Andreas Hierlemann and Oliver Brand and Henry Baltes},
title = {Complementary Metal Oxide Semiconductor Cantilever Arrays on a Single Chip: Mass-Sensitive Detection of Volatile Organic Compounds},
year = {1. Juli 2002. (Abgerufen: 7. Juli 2022, 15:39)}, 
howpublished = "\url{https://pubs.acs.org/doi/10.1021/ac011269j}"}

@misc{E-Nase:2,
author = {Pascal Boilot},
title = {Bacteria classification using Cyranose 320 electronic nose},
year = {16. Oktober 2002 (Abgerufen: 7. Juli 2022, 17:24)}, 
howpublished = "\url{https://www.ncbi.nlm.nih.gov/pmc/articles/PMC149373/}"}

@misc{SMELLDECT,
title = {SMELLDECT},
year = {Abgerufen: 7. Juli 2022, 19:05}, 
howpublished = "\url{https://smelldect.de/}"}

@misc{SMELLDECT:Article,
title = {Smelldect: affordable, small e-nose that learns different scents},
year = {Abgerufen: 7. Juli 2022, 19:36}, 
howpublished = "\url{https://robotreporters.com/smelldect-affordable-small-e-nose-that-learns-different-scents/}"}

@misc{NanoTubesNose,
year = {Abgerufen: 8. Juli 2022, 11:22}, 
howpublished = "\url{https://smart-nanotubes.com/}"}

@misc{SensorTypes,
author = {Sari Lakkis and Rafic Younes and Yasser Alayli and Mohamad Sawan},
title = {Review of recent trends in gas sensing
    technologies and their miniaturization
    potential},
year = {2014 (Abgerufen: 8. Juli 2022, 15:53)}, 
howpublished = "\url{https://www.researchgate.net/profile/Rafic-                Younes/publication/259344827_Review_Of_Recent_Trends_in_Gas_Sensing_Technologies_and_their_Miniaturization_Potential/links/00b7d52d706dc795da000000/Review-Of-Recent-Trends-in-Gas-Sensing-Technologies-and-their-Miniaturization-Potential.pdf}"}

@misc{MQSensoren,
author = {Harshvardhan Mishra},
title = {MQ Gas Sensors | Gas Sensors ?},
year = {18. Januar 2020 (Abgerufen: 8. Juli 2022, 21:16)}, 
howpublished = "\url{https://iotbyhvm.ooo/mq-gas-sensors-gas-sensors/}"}

@misc{MQToPPM,
author = {Junaidy B. Sanger and Lanny Sitanayah and Imam Ahmad},
title = {A Sensor-based Garbage Gas Detection System},
year = {2021 (Abgerufen: 8. Juli 2022, 22:54)}, 
howpublished = "\url{https://www.researchgate.net/profile/Lanny-Sitanayah/publication/349225577_A_Sensor-based_Garbage_Gas_Detection_System/links/6025979b299bf1cc26bccb6b/A-Sensor-based-Garbage-Gas-Detection-System.pdf}"}

@misc{DHT11,
author = {Deeksha Srivastava and Awanish Kesarwani and Shivani Dubey},
title = {Measurement of Temperature and Humidity by using Arduino Tool and DHT11},
year = {Dezember 2018 (Abgerufen: 13. Juli 2022, 12:06)}, 
howpublished = "\url{https://www.academia.edu/download/58144752/IRJET-V5I12167.pdf}"}

@misc{O2,
title = {Gravity: I2C Oxygen Sensor},
year = {Abgerufen: 13. Juli 2022, 13:43}, 
howpublished = "\url{https://store.arduino.cc/products/gravity-i2c-oxygen-sensor}"}

@misc{MH-Z19C,
author = {Wolfgang Ewald},
title = {MH-Z14 und MH-Z19 CO2 Sensoren},
year = {11. Juni 2021 (Abgerufen: 14. Juli 2022, 16:28)}, 
howpublished = "\url{https://wolles-elektronikkiste.de/mh-z14-und-mh-z19-co2-sensoren}"}

@misc{SGP40,
author = {Jessica A. Quaye},
title = {Predictive Modeling of Volatile Organic Compound Measurements},
year = {6. Mai 2022 (Abgerufen: 14. Juli 2022, 18:10)}, 
howpublished = "\url{https://dspace.mit.edu/bitstream/handle/1721.1/145069/Quaye-jquaye-meng-eecs-2022-thesis.pdf?sequence=1&isAllowed=y}"}

@misc{SGP40Library,
title = {Adafruit SGP40 Gas / Air Quality I2C sensor Build StatusDocumentation},
year = {Abgerufen: 14. Juli 2022, 18:46}, 
howpublished = "\url{https://github.com/adafruit/Adafruit_SGP40}"}

@misc{Staubsensor,
title = {Nova PM SDS011 Dust Particle Sensor for Air Quality Measurement},
year = {Abgerufen: 15. Juli 2022, 22:38}, 
howpublished = "\url{https://microcontrollerslab.com/nova-pm-sds011-dust-sensor-pinout-working-interfacing-datasheet/}"}

% Doch nicht verwendet
% @misc{MG-811,
% author = {M H Aziz and P Saptiani and M Iryanti and A Aminudin},
% title = {Design of carbon dioxide level measures on peat soil with MG 811 sensor},
% year = {2019 ( Abgerufen: 16. Juli 2022, 08:20)}, 
% howpublished = "\url{https://iopscience.iop.org/article/10.1088/1742-6596/1280/2/022061/pdf}"}

@misc{FourierFiltering,
author = {Benjamin Ricaud and Pierre Borgnat and Nicolas Tremblay and Paulo Gonçalves and Pierre Vandergheynst},
title = {Fourier could be a data scientist: From graph Fourier transform to signal processing on graphs},
year = {19 September 2019 (Abgerufen: 25. Oktober 2022, 9:16)}, 
howpublished = "\url{https://www.sciencedirect.com/science/article/pii/S1631070519301094}"}

@misc{FourierConvolution,
author = {Lu Chi and Borui Jiang and Yadong Mu},
title = {Fast Fourier Convolution},
year = {2020 (Abgerufen: 28. Oktober 2022, 14:50)}, 
howpublished = "\url{https://proceedings.neurips.cc/paper/2020/file/2fd5d41ec6cfab47e32164d5624269b1-Paper.pdf}"}

@misc{wavelet,
author = {Yongzhen Zhuang and Lei Chen},
title = {In-network Outlier Cleaning for Data Collection in Sensor Networks},
year = {Abgerufen: 29. Oktober 2022, 22:27)}, 
howpublished = "\url{http://dc-pubs.dbs.uni-leipzig.de/files/Zhuang2006InnetworkOutlierCleaningfor.pdf}"}

@misc{SensorFusionAndKalmanFilter,
author = {J.Z. Sasiadek},
title = {SENSOR FUSION},
year = {2002 (Abgerufen: 16. November 2022, 14:29)}, 
howpublished = "\url{http://www.carleton.ca/jsas/wp-content/uploads/AnnualReviewsinControl2002SensorFusion.pdf}"}

@misc{RaspberrySupply,
author = {Eben Upton},
title = {Production and supply-chain update},
year = {4. Apr 2022 (Abgerufen: 7. Dezember 2022, 20:04)}, 
howpublished = "\url{https://www.raspberrypi.com/news/production-and-supply-chain-update/}"}

@misc{Rock4,
title = {Introduce ROCK 4},
year = {Abgerufen: 9. Dezember 2022, 6:10}, 
howpublished = "\url{https://rockpi.org/rockpi4/}"}

@misc{ARM_ArduinoIDE,
title = {arduino-ide 2.0.0 for Raspberry Pi},
year = {Abgerufen: 20. Dezember 2022, 12:42}, 
howpublished = "\url{https://github.com/koendv/arduino-ide-raspberrypi}"}

@misc{Hyperband,
title={Hyperband: A novel bandit-based approach to hyperparameter optimization},
author={Li, Lisha and Jamieson, Kevin and DeSalvo, Giulia and Rostamizadeh, Afshin and Talwalkar, Ameet},
journal={The Journal of Machine Learning Research},
year={2017 (Abgerufen: 29. Dezember 2022, 10:07)},
howpublished = "\url{https://www.jmlr.org/papers/volume18/16-558/16-558.pdf}"}

@misc{Metaverse,
author = {Minrui Xu and Wei Chong Ng and Wei Yang Bryan Lim and Jiawen Kang and Zehui Xiong and Dusit Niyato and
    Qiang Yang and Xuemin Sherman Shen and Chunyan Miao},
title = {A Full Dive into Realizing the Edge-enabled
    Metaverse: Visions, Enabling Technologies, and
    Challenges},
year = {20. August 2022 (Abgerufen: 7. Januar 2023, 20:26)}, 
howpublished = "\url{https://arxiv.org/pdf/2203.05471.pdf}"}

@misc{SchmeckenMitDerNase,
author = {Marlies Gruber},
title = {Was beim Schmecken in der Nase passiert},
year = {18. August 2019 (Abgerufen: 8. Januar 2023, 20:56)}, 
howpublished = "\url{https://www.falstaff.de/nd/was-beim-schmecken-in-der-nase-passiert/}"}

@misc{TFJava,
year = {Abgerufen: 9. Januar 2023, 17:43}, 
howpublished = "\url{https://www.tensorflow.org/jvm}"}

@misc{PI0Specs,
title = {Raspberry Pi Zero},
year = {Abgerufen: 8. Februar 2023, 18:21}, 
howpublished = "\url{https://www.raspberrypi.com/products/raspberry-pi-zero/}"}

@misc{UV_IR_Sensor,
year = {Abgerufen: 4. März 2023, 15:15}, 
howpublished = "\url{https://www.berrybase.de/sparkfun-qwiic-triad-spektroskopie-sensor-as7265x?sPartner=g_shopping}"}

@misc{RamanBauTheorie,
title={Entwicklung eines schnellen Raman-Mikrospektrometers und theoretische Untersuchung von geschwindigkeitsbegrenzenden Faktoren},
author={M{\"u}ller, Walter},
year={9. Mai 2017 (Abgerufen: 4. März 2023, 21:03)},
howpublished = "\url{https://www.db-thueringen.de/receive/dbt_mods_00032420}"}

@misc{RamanPi,
author = {flatCat},
title = {ramanPi - The 3D Printable Raspberry Pi Raman Spectrometer},
year = {29. August 2014 (Abgerufen: 4. März 2023, 23:28)}, 
howpublished = "\url{https://publiclab.org/notes/flatCat/08-29-2014/ramanpi-the-3d-printable-raspberry-pi-raman-spectrometer}"}

@misc{piCore,
author = {Harshvardhan Mishra},
title = {piCore (Tiny Core) Linux on Raspberry Pi},
year = {27. März 2019 (Abgerufen: 5. März 2023, 14:34)}, 
howpublished = "\url{https://iotbyhvm.ooo/picore-tiny-core-linux-on-raspberry-pi/}"}

@misc{InfrarotSpektrum,
title={A library of IR bands of nucleic acids in solution},
author={Banyay, Martina and Sarkar, Munna and Gr{\"a}slund, Astrid},
year={2003 (Abgerufen: 6. März 2023, 13:47)},
howpublished = "\url{https://www.academia.edu/download/48666539/s0301-4622_2803_2900035-820160908-27722-luv561.pdf}"}

@misc{InfrarotSpektrum2,
title={Near infra red spectroscopy—An overview},
author={Aenugu, Hari Prasad Reddy and Kumar, D Sathis and Srisudharson, N Parthiban and Ghosh, SomSubhra and Banji, David},
year={2011 (Abgerufen: 6. März 2023, 14:51)},
howpublished = "\url{https://www.researchgate.net/profile/Somsubhra-Ghosh/publication/286061794_Near_infra_red_spectroscopy-_An_overview/links/57dd8b3808ae4e6f1849a986/Near-infra-red-spectroscopy-An-overview.pdf}"}

@misc{FTIR,
title={Fourier transform infrared (FTIR) spectroscopy},
author={Berthomieu, Catherine and Hienerwadel, Rainer},
year={July 2009 (Abgerufen: 6. März 2023, 15:44)},
howpublished = "\url{https://ocd.lcwu.edu.pk/cfiles/Chemistry/MSc/Chem-C-410/FTIR-spectroscopy-PhotRes2009.pdf}"}

@misc{FTIRSpektrum,
title={Fourier transform infrared (FTIR) spectroscopy of biological tissues},
author={Movasaghi, Zanyar and Rehman, Shazza and ur Rehman, Dr Ihtesham},
year={4. Februar 2008 (Abgerufen: 6. März 2023, 16:23)},
howpublished = "\url{file:///tmp/movasaghi.pdf}"}

@misc{LoRaWAN,
title={A survey of LoRaWAN for IoT: From technology to application},
author={Haxhibeqiri, Jetmir and De Poorter, Eli and Moerman, Ingrid and Hoebeke, Jeroen},
year={16. November 2018 (Abgerufen: 7. März 2023, 18:24)},
howpublished = "\url{https://www.mdpi.com/366702}"}


@misc{Mirai,
title={Iot botnet forensics: A comprehensive digital forensic case study on mirai botnet servers},
author={Zhang, Xiaolu and Upton, Oren and Beebe, Nicole Lang and Choo, Kim-Kwang Raymond},
year={April 2020 (Abgerufen: 7. März 2023, 22:04)},
howpublished = "\url{https://www.sciencedirect.com/science/article/pii/S2666281720300214}"}

@misc{SElinuxAndAppArmor,
title={SELinux \& AppArmor-comparison of secure oses},
author={Nakamura, Yuichi},
year={18. April 2007 (Abgerufen: 8. März 2023, 14:35)},
howpublished = "\url{https://www.elinux.org/images/3/39/SecureOS_nakamura.pdf}"}

@misc{MAC,
title={Integrity walls: Finding attack surfaces from mandatory access control policies},
author={Vijayakumar, Hayawardh and Jakka, Guruprasad and Rueda, Sandra and Schiffman, Joshua and Jaeger, Trent},
year={2012 (Abgerufen: 8. März 2023, 15:07)},
howpublished = "\url{https://www.cse.psu.edu/~trj1/papers/asiaccs12-vijayakumar.pdf}"}

